<?xml version="1.0" encoding="UTF-8"?><collection xmlns="http://www.loc.gov/MARC21/slim"><record><leader>00409nam--2200133-i-4500</leader><controlfield tag="001">000031425</controlfield><controlfield tag="002">20161230</controlfield><controlfield tag="005">20161230201038</controlfield><controlfield tag="008">060222s1000------------r-----000-0-eng-d</controlfield><datafield ind1=" " ind2=" " tag="080"><subfield code="a">517.57</subfield></datafield><datafield ind1=" " ind2=" " tag="100"><subfield code="a">Mackey, George W</subfield></datafield><datafield ind1=" " ind2=" " tag="245"><subfield code="a">The scoope and history of commutative and noncommutative harmonic analysis.history mathematics</subfield></datafield><datafield ind1=" " ind2=" " tag="260"><subfield code="a">London, American Mathematical Society, 1992. Xi + 369p</subfield></datafield><datafield ind1=" " ind2=" " tag="852"><subfield code="a">80805</subfield></datafield></record></collection>